@article{greenwade93,
    author  = "George D. Greenwade",
    title   = "The {C}omprehensive {T}ex {A}rchive {N}etwork ({CTAN})",
    year    = "1993",
    journal = "TUGBoat",
    volume  = "14",
    number  = "3",
    pages   = "342--351"
}
@misc{Placeholder,
    author  = "George D. Greenwade",
    title   = "The {C}omprehensive {T}ex {A}rchive {N}etwork ({CTAN})",
    year    = "1993",
    journal = "TUGBoat",
    volume  = "14",
    number  = "3",
    pages   = "342--351"
}
 @article{ardeleanu_2019, title={TRADITIONAL AND MODERN TEACHING METHODS IN MATHEMATICS}, volume={23}, number={2}, journal={Journal of Innovation in Psychology, Education and Didactics}, author={Ardeleanu, Roxana}, year={2019}} 

 
  @misc{wolframalpha_2022, title={Pursuit curve}, url={https://mathworld.wolfram.com/PursuitCurve.html}, journal={from Wolfram MathWorld}, author={WolframAlpha}, year={2022}, month={Dec}} 

@misc{lloyd_2006, title={Pursuit Curves}, publisher={Academic Forum}, author={Lloyd, Micheal}, year={2006}, month={Jul}} 

@misc{pravin_weisstein, title={Fibonacci number}, url={https://mathworld.wolfram.com/FibonacciNumber.html}, journal={MathWorld--A Wolfram Web Resource}, author={Pravin, Chandra and Weisstein, Eric W}} 

@misc{weisstein, title={Calculus of variations}, url={https://mathworld.wolfram.com/CalculusofVariations.html}, journal={MathWorld--A Wolfram Math Resource}, publisher={Wolfram Alpha}, author={Weisstein, Eric W}} 

@misc{kundu_tritton, title={Rotating frame of reference}, url={https://www.physics-in-a-nutshell.com/article/29/rotating-frame-of-reference}, journal={Rotating Frame of Reference | Physics in a Nutshell}, author={Kundu, Pijush K. and Tritton, D J}} 

 @misc{evans_2001, title={Rotations and rotation matrices}, url={https://journals.iucr.org/d/issues/2001/10/00/ba5006/#:~:text=The\%20transpose\%20of\%20a\%20rotation,the\%20rows\%20of\%20RT)\%2C&amp;text=hence\%20RT\%20\%3D\%20R\%E2\%88\%921,an\%20inverse\%20matrix\%20R\%E2\%88\%921.}, journal={Acta Crystallographica Section D: Biological Crystallography}, publisher={International Union of Crystallography}, author={Evans, P. R.}, year={2001}, month={Sep}}

  @misc{degroot_2020, title={Solving a system of two differential equations numerically in Python}, url={https://medium.com/analytics-vidhya/solving-a-system-of-two-differential-equations-numerically-in-python-d31844d4ea28}, journal={Medium}, publisher={Analytics Vidhya}, author={de Groot, Hugo}, year={2020}, month={May}} 

  @incollection{ABELL2018277,
title = {Chapter 6 - Systems of Differential Equations},
editor = {Martha L. Abell and James P. Braselton},
booktitle = {Introductory Differential Equations (Fifth Edition)},
publisher = {Academic Press},
edition = {Fifth Edition},
pages = {277-363},
year = {2018},
isbn = {978-0-12-814948-5},
doi = {https://doi.org/10.1016/B978-0-12-814948-5.00006-9},
url = {https://www.sciencedirect.com/science/article/pii/B9780128149485000069},
author = {Martha L. Abell and James P. Braselton},
keywords = {Homogeneous linear systems, Nonhomogeneous linear systems, Nonlinear systems, Stability, Undetermined coefficients, Variation of parameters},
abstract = {Chapter 6 discusses systems of differential equations. Topics include homogeneous linear systems, nonhomogeneous linear systems, nonlinear systems, and elementary stability theory.}
}
 @misc{ferreol_2017, url={https://mathcurve.com/courbes2d.gb/poursuite/poursuite.shtml}, journal={Pursuit curve}, author={Ferreol, Robert}, year={2017}} 
 @article{10.2307/2973034,
 ISSN = {00029890, 19300972},
 URL = {http://www.jstor.org/stable/2973034},
 author = {F. V. Morley},
 journal = {The American Mathematical Monthly},
 number = {2},
 pages = {54--61},
 publisher = {Mathematical Association of America},
 title = {A Curve of Pursuit},
 urldate = {2023-01-08},
 volume = {28},
 year = {1921}
}
 @misc{sarma_2014, title={Rotating frames of reference}, url={https://youtu.be/IOcrHOc23N4}, journal={YouTube}, publisher={MIT OpenCourseWare}, author={Sarma, Sanjay}, year={2014}, month={Jan}} 
  @misc{mathematicsstackexchange_2017, title={Dog and goose circular pursuit problem}, url={https://math.stackexchange.com/questions/2325528/dog-and-goose-circular-pursuit-problem}, journal={Mathematics Stack Exchange}, year={2017}, month={Jun}} 
   @misc{weideman_2022, title={3.1: Vector rotations}, url={https://phys.libretexts.org/Courses/University_of_California_Davis/UCD\%3A_Physics_9HB__Special_Relativity_and_Thermal_Statistical_Physics/3\%3A_Spacetime/3.1\%3A_Vector_Rotations}, journal={Physics LibreTexts}, publisher={Libretexts}, author={Weideman, Tom}, year={2022}, month={Nov}} 
    @misc{sanchis, title={Historical Activities for Calculus - module 3: Optimization – Galileo and the brachistochrone problem}, url={https://www.maa.org/press/periodicals/convergence/historical-activities-for-calculus-module-3-optimization-galileo-and-the-brachistochrone-problem#:~:text=This\%20is\%20the\%20Brachistochrone\%20(\%E2\%80\%9CShortest,)\%2C\%20among\%20all\%20possible\%20curves.}, journal={Historical Activities for Calculus - Module 3: Optimization – Galileo and the Brachistochrone Problem | Mathematical Association of America}, publisher={MAA}, author={Sanchis, Gabriela R.}} 
 @misc{hamm_2020, title={5.3 angular acceleration}, url={https://pressbooks.bccampus.ca/humanbiomechanics/chapter/5-2-angular-acceleration/}, journal={Biomechanics of Human Movement}, publisher={Physics Department of Douglas College}, author={Hamm, Karine}, year={2020}, month={Aug}} 
  @misc{strogatz_2021, title={The language of calculus}, url={https://www.sciencefriday.com/articles/the-language-of-calculus/}, journal={Science Friday}, author={Strogatz, Steven}, year={2021}, month={Jul}} 
 @misc{fitzpatrick, title={Linear algebra: A second course, featuring proofs and python}, url={https://opentext.uleth.ca/Math3410/sec-matrix-of-transformation.html}, journal={The matrix of a linear transformation}, author={Fitzpatrick, Sean}} 